<?xml version="1.0" encoding="UTF-8"?><collection xmlns="http://www.loc.gov/MARC21/slim"><record><leader>00368nam--2200121-i-4500</leader><controlfield tag="001">000025705</controlfield><controlfield tag="002">20161230</controlfield><controlfield tag="005">20161230201036</controlfield><controlfield tag="008">060222s1000------------r-----000-0-eng-d</controlfield><datafield ind1=" " ind2=" " tag="080"><subfield code="a">621.039.8</subfield></datafield><datafield ind1=" " ind2=" " tag="245"><subfield code="a">Journees d`etudes sur l`emploi des radioisotopes et des rayonnements dans la science et la technologie laitieres</subfield></datafield><datafield ind1=" " ind2=" " tag="260"><subfield code="a">Vienne, Aiea, 1966, P.Dif</subfield></datafield><datafield ind1=" " ind2=" " tag="852"><subfield code="a">24590</subfield></datafield></record></collection>